<record xmlns="http://www.loc.gov/MARC21/slim" xmlns:xsi="http://www.w3.org/2001/XMLSchema-instance" xsi:schemaLocation="http://www.loc.gov/MARC21/slim http://www.loc.gov/standards/marcxml/schema/MARC21slim.xsd">

  <leader>01107nab a2200157   4500</leader>
  <controlfield tag="008">150603b1999    cr f|||| |||| 00| 0 spa d</controlfield>
  <datafield ind1=" " tag="090" ind2=" ">
    <subfield code="a">REVIS 06.02.01</subfield>
  </datafield>
  <datafield ind1="1" tag="100" ind2=" ">
    <subfield code="9">136</subfield>
    <subfield code="a">Alvarado Ulloa, Rocío</subfield>
  </datafield>
  <datafield ind1="1" ind2="0" tag="245">
    <subfield code="a">Propuesta de una guía para la ejecución de los proyectos de extensión docente orientados a la capacitación en la Universidad de Costa Rica /</subfield>
    <subfield code="c">Rocío Alvarado Ulloa</subfield>
  </datafield>
  <datafield ind1=" " ind2=" " tag="260">
    <subfield code="a">San José, Costa Rica :</subfield>
    <subfield code="b">Editorial Universidad de Costa Rica,</subfield>
    <subfield code="c">1999</subfield>
  </datafield>
  <datafield ind2=" " tag="300" ind1=" ">
    <subfield code="a">páginas 147--169</subfield>
  </datafield>
  <datafield ind2=" " tag="520" ind1=" ">
    <subfield code="a">Este artículo propone una guía con los elementos claves para la ejecución de los proyectos de extensión docente de la Universidad de Costa Rica que estén orientados hacia la capacitación. La misma fue generada a partir de las opiniones de 14 diferentes coordinadores que sienten la necesidad de responder oportuna y eficientemente a la gran demanda de los proyectos de extensión</subfield>
  </datafield>
  <datafield ind1="1" ind2="4" tag="650">
    <subfield code="9">1</subfield>
    <subfield code="a">EDUCACIÓN</subfield>
  </datafield>
  <datafield ind2=" " tag="773" ind1="0">
    <subfield code="d">San José, Costa Rica : Editorial de la Universidad de Costa Rica, 1997-</subfield>
    <subfield code="o">R0022</subfield>
    <subfield code="t">EDUCACIÓN: Revista de la Universidad de Costa Rica</subfield>
    <subfield code="g">Vol.23, no.1 (1999)</subfield>
  </datafield>
  <datafield ind2=" " tag="942" ind1=" ">
    <subfield code="2">z</subfield>
    <subfield code="c">10</subfield>
  </datafield>
  <datafield ind1=" " tag="999" ind2=" ">
    <subfield code="c">2618</subfield>
    <subfield code="d">2618</subfield>
  </datafield>
</record>